<record xmlns:xsi="http://www.w3.org/2001/XMLSchema-instance" xmlns="http://www.loc.gov/MARC21/slim" xsi:schemaLocation="http://www.loc.gov/MARC21/slim http://www.loc.gov/standards/marcxml/schema/MARC21slim.xsd">

  <leader>00792nam a2200241Ia 4500</leader>
  <datafield tag="999" ind1=" " ind2=" ">
    <subfield code="c">519</subfield>
    <subfield code="d">519</subfield>
  </datafield>
  <controlfield tag="008">170111b2011    ag ||||| |||| 00| | spa d</controlfield>
  <datafield tag="020" ind1=" " ind2=" ">
    <subfield code="a">9789871543618</subfield>
  </datafield>
  <datafield tag="090" ind2=" " ind1=" ">
    <subfield code="a">03.02.05 </subfield>
    <subfield code="b">2073</subfield>
  </datafield>
  <datafield tag="100" ind2=" " ind1="1">
    <subfield code="a">Di Virgilio, María Mercedes</subfield>
    <subfield code="9">2238</subfield>
  </datafield>
  <datafield tag="245" ind2="0" ind1="1">
    <subfield code="a">Pobreza y desigualdad en América Latina y El Caribe / </subfield>
    <subfield code="c">María Mercedes Di Virgilio; María Pía Otero y Paula Boniolo</subfield>
  </datafield>
  <datafield ind1=" " ind2=" " tag="260">
    <subfield code="a">Buenos Aires : </subfield>
    <subfield code="b">CLACSO, </subfield>
    <subfield code="c">2011</subfield>
  </datafield>
  <datafield ind1=" " ind2=" " tag="300">
    <subfield code="a">351 páginas</subfield>
  </datafield>
  <datafield tag="490" ind2=" " ind1=" ">
    <subfield code="a">Colección CLACSO-CROP</subfield>
  </datafield>
  <datafield ind2="4" ind1="1" tag="650">
    <subfield code="a">POBREZA</subfield>
    <subfield code="9">263</subfield>
  </datafield>
  <datafield tag="650" ind2="4" ind1="1">
    <subfield code="a">ASPECTOS SOCIALES </subfield>
    <subfield code="9">576</subfield>
  </datafield>
  <datafield tag="650" ind2="4" ind1="1">
    <subfield code="a">DESIGUALDAD ECONÓMICA</subfield>
    <subfield code="9">515</subfield>
  </datafield>
  <datafield tag="650" ind2="4" ind1="1">
    <subfield code="a">CONDICIONES ECONÓMICAS</subfield>
    <subfield code="9">269</subfield>
  </datafield>
  <datafield ind1=" " ind2="4" tag="651">
    <subfield code="a">AMÉRICA LATINA</subfield>
    <subfield code="9">273</subfield>
  </datafield>
  <datafield tag="651" ind2="4" ind1=" ">
    <subfield code="a">CARIBE</subfield>
    <subfield code="9">539</subfield>
  </datafield>
  <datafield tag="700" ind1="1" ind2=" ">
    <subfield code="a">Otero, María Pía</subfield>
    <subfield code="9">2239</subfield>
  </datafield>
  <datafield ind2=" " ind1="1" tag="700">
    <subfield code="a">Boniolo, Paula</subfield>
    <subfield code="9">2240</subfield>
  </datafield>
  <datafield ind2=" " ind1=" " tag="942">
    <subfield code="2">z</subfield>
    <subfield code="c">01</subfield>
  </datafield>
</record>